@inproceedings{ah2006,
   author={Aggarwal, Gagan and Hartline, Jason D.},
   year={2006},
   title={Knapsack auctions},
   booktitle={Proceedings of the 17th Annual ACM-SIAM Symposium on Discrete Algorithms},
   pages={1083-1092},
   publisher={Association for Computing Machinery},
   address={New York}
}
